@article{d2017horn,
  title={Horn-ICE Learning for Synthesizing Invariants and Contracts},
  author={D'Souza, Deepak and Ezudheen, P and Garg, Pranav and Madhusudan, P and Neider, Daniel},
  journal={arXiv preprint arXiv:1712.09418},
  year={2017}
}
@inproceedings{neider2016automaton,
  title={An automaton learning approach to solving safety games over infinite graphs},
  author={Neider, Daniel and Topcu, Ufuk},
  booktitle={International Conference on Tools and Algorithms for the Construction and Analysis of Systems},
  pages={204--221},
  year={2016},
  organization={Springer}
}
@inproceedings{beyene2014constraint,
  title={A constraint-based approach to solving games on infinite graphs},
  author={Beyene, Tewodros and Chaudhuri, Swarat and Popeea, Corneliu and Rybalchenko, Andrey},
  booktitle={ACM SIGPLAN Notices},
  volume={49},
  pages={221--233},
  year={2014},
  organization={ACM}
}
@inproceedings{de2008z3,
  title={Z3: An efficient SMT solver},
  author={De Moura, Leonardo and Bj{\o}rner, Nikolaj},
  booktitle={International conference on Tools and Algorithms for the Construction and Analysis of Systems},
  pages={337--340},
  year={2008},
  organization={Springer}
}

